@article{Sullivan_2015,
  year = {2015},
  month = aug,
  volume = {809},
  number = {1},
  pages = {77},
  author = {Sullivan, P. W., and others},
  title = {{{The} {Transiting} {Exoplanet} {Survey} {Satellite}: {Simulations} 
  {of} {Planet} {Detections} {and} {Astrophysical} {False} {Positives}}},
  journal = {{ApJ}}
}


@article{burke_terrestrial_2015,
	title = {{Terrestrial} {Planet} {Occurrence} {Rates} {for} {the} 
	\textit{{Kepler}} {GK} {Dwarf} {Sample}},
	volume = {809},
	number = {1},
	journal = {{ApJ}},
	author = {Burke, Christopher J. and others},
	month = aug,
	year = {2015}
}

@article{ricker_transiting_2014,
	title = {Transiting {Exoplanet} {Survey} {Satellite}},
	volume = {1},
	number = {1},
	journal = {Journal of Astronomical Telescopes, Instruments, and Systems},
	author = {Ricker, George R. and others},
	month = oct,
	year = {2014}
}


@article{mazeh_dearth_2016,
	title = {Dearth of short-period {Neptunian} exoplanets - a desert in 
	period-mass and period-radius planes},
	volume = {589},
	journal = {A \& A},
	author = {Mazeh, Tsevi and Holczer, Tomer and Faigler, Simchon},
	month = may,
	year = {2016},
	pages = {A75}
}

@unpublished{kipping_transit_2016,
	type = {Pre-print},
	title = {Transit {Clairvoyance}: {Enhancing} {TESS} follow-up using artificial neural networks},
	author = {Kipping, David M. and Lam, Christopher},
	month = jun,
	year = {2016},
}

@article{gangestad_high_2013,
	title = {A high {Earth}, lunar resonant orbit for lower cost space science 
	missions},
	journal = {arXiv preprint arXiv:1306.5333},
	author = {Gangestad, Joseph W. and others},
	month = jun,
	year = {2013}
}

@article{girardi_star_2005,
	title = {Star counts in the {Galaxy}: {Simulating} from very deep to very shallow photometric surveys with the {TRILEGAL} code},
	volume = {436},
	number = {3},
	journal = {A \& A},
	author = {Girardi, L. and others},
	month = jun,
	year = {2005},
	pages = {895--915}
}

@article{henry_solar_2006,
	title = {The solar neighborhood. {XVII}. {Parallax} results from the {CTIOPI} 0.9 m program: 20 new members of the {RECONS} 10 parsec sample},
	volume = {132},
	number = {6},
	journal = {AJ},
	author = {Henry, Todd J. and others},
	year = {2006},
	pages = {2360}
}

@article{perryman_hipparcos_1997,
	title = {The {HIPPARCOS} {Catalogue}},
	volume = {323},
	journal = {A \& A},
	author = {Perryman, M. A. C. and others},
	month = jul,
	year = {1997}
}

@article{van_leeuwen_validation_2007,
	title = {Validation of the new {Hipparcos} reduction},
	volume = {474},
	number = {2},
	journal = {A \& A},
	author = {F. van Leeuwen},
	year = {2007},
	pages = {12}
}

@article{fressin_false_2013,
	title = {{The} {False} {Positive} {Rate} {of} \textit{{Kepler}} {and} {the} 
	{Occurrence} {of} {Planets}},
	volume = {766},
	number = {2},
	journal = {ApJ},
	author = {Fressin, François and others},
	month = apr,
	year = {2013},
	pages = {81}
}


@article{dressing_occurrence_2015,
	title = {The {Occurrence} of {Potentially} {Habitable} {Planets} {Orbiting} 
	{M} {Dwarfs} {Estimated} from the {Full} {Kepler} {Dataset} and an 
	{Empirical} {Measurement} of the {Detection} {Sensitivity}},
	volume = {807},
	number = {1},
	journal = {ApJ},
	author = {Dressing, Courtney D. and Charbonneau, David},
	year = {2015},
	pages = {45}
}


@article{winn_searchable_2013,
	title = {Number of {Searchable} {Stars}},
	journal = {TESS Science Memo No. 5, Version 1. Available upon request.},
	author = {Winn, Joshua N.},
	year = {2013}
}

@article{winn_photonflux_2013,
	title = {Expected photon fluxes in the {TESS} bandpass},
	journal = {TESS Science Memo No. 1, Version 2. Available upon request.},
	author = {Winn, Joshua N.},
	year = {2013}
}

@book{kepner_rational_1965,
	title = {Rational {Manager}},
	author = {Kepner, Charles Higgins and Tregoe, Benjamin B.},
	year = {1965}
}

@article{basri_comparison_2013,
	title = {Comparison of {Kepler} {Photometric} {Variability} with the {Sun} on {Different} {Timescales}},
	volume = {769},
	number = {1},
	journal = {ApJ},
	author = {Basri, Gibor and Walkowicz, Lucianne M. and Reiners, Ansgar},
	year = {2013},
	pages = {37}
}

@article{newton_HZ_2016,
	title = {{The} {Impact} {of} {Stellar} {Rotation} {on} {the} 
	{Detectability} {of} {Habitable} {Planets} {Around} {M} {Dwarfs}},
	volume = {821},
	number = {1},
	journal = {ApJ},
	author = {Newton, Elisabeth R. and others},
	month = apr,
	year = {2016},
	pages = {L19}
}

@article{mills_resonant_2016,
	title = {A resonant chain of four transiting, sub-{Neptune} planets},
	volume = {533},
	number = {7604},
	journal = {Nature},
	author = {Mills, Sean M. and others},
	month = may,
	year = {2016},
	pages = {509--512}
}

@article{charbonneau_gj1214b_2009,
	title = {A super-{Earth} transiting a nearby low-mass star},
	volume = {462},
	number = {7275},
	journal = {Nature},
	author = {Charbonneau, David and others},
	month = dec,
	year = {2009},
	pages = {891--894}
}

@article{beichman_observations_2014,
	title = {Observations of {Transiting} {Exoplanets} with the {James} {Webb} {Space} {Telescope} ({JWST})},
	volume = {126},
	journal = {PASP},
	author = {Beichman, Charles and others},
	month = dec,
	year = {2014},
	pages = {1134--1173}
}

@article{fabrycky_whitepaper_2013,
	title = {A {Habitable} {Zone} {Census} via {Transit} {Timing} and the {Imperative} for {Continuing} to {Observe} the {Kepler} {Field}},
	journal = {arXiv:1309.1177},
	author = {Fabrycky, Daniel C. and others},
	month = sep,
	year = {2013},
	Input for Alternate Science Investigations for the Kepler Spacecraft"}
}

@article{agol_detecting_2005,
	title = {On detecting terrestrial planets with timing of giant planet transits},
	volume = {359},
	number = {2},
	journal = {MNRAS},
	author = {Agol, Eric and others},
	month = may,
	year = {2005},
	pages = {567--579}
}

@article{muirhead_kepler-445_2015,
	title = {Kepler-445, {Kepler}-446 and the {Occurrence} of {Compact} {Multiples} {Orbiting} {Mid}-{M} {Dwarf} {Stars}},
	volume = {801},
	number = {1},
	journal = {ApJ},
	author = {Muirhead, Philip S. and others},
	year = {2015},
	pages = {18}
}


@article{campante_asteroseismic_2016,
	title = {The {Asteroseismic} {Potential} of {TESS}: {Exoplanet}-host 
	{Stars}},
	volume = {830},
	number = {2},
	journal = {ApJ},
	author = {Campante, T. L. and others},
	year = {2016},
	pages = {138}
}

@article{ngo_friends_2016,
	title = {Friends of {Hot} {Jupiters}. {IV}. {Stellar} {Companions} {Beyond} 
	50 au {Might} {Facilitate} {Giant} {Planet} {Formation}, but {Most} are 
	{Unlikely} to {Cause} {Kozai}–{Lidov} {Migration}},
	volume = {827},
	number = {1},
	journal = {ApJ},
	author = {Ngo, Henry and others},
	year = {2016},
	pages = {8}
}

@article{armstrong_abundance_2014,
	title = {On the abundance of circumbinary planets},
	volume = {444},
	number = {2},
	journal = {MNRAS},
	author = {Armstrong, D. J. and others},
	month = sep,
	year = {2014},
	pages = {1873--1883}
}

@article{martin_planets_2014,
	title = {Planets transiting non-eclipsing binaries},
	volume = {570},
	journal = {A \& A},
	author = {Martin, David V. and Triaud, Amaury H. M. J.},
	month = oct,
	year = {2014},
	pages = {A91}
}


@article{martin_no_2015,
	title = {No circumbinary planets transiting the tightest {Kepler} binaries 
	– a possible fingerprint of a third star},
	volume = {453},
	number = {4},
	journal = {MNRAS},
	author = {Martin, David V. and Mazeh, Tsevi and Fabrycky, Daniel C.},
	month = nov,
	year = {2015},
	pages = {3554--3567}
}

@article{kopparapu_habitable_2013,
	title = {Habitable {Zones} {Around} {Main}-{Sequence} {Stars}: {New} {Estimates}},
	volume = {765},
	number = {2},
	journal = {ApJ},
	author = {Kopparapu, Ravi Kumar and others},
	month = mar,
	year = {2013},
	pages = {131}
}

@article{baraffe_massspectral_1996,
	title = {Mass–{Spectral} {Class} {Relationship} for {M} {Dwarfs}},
	volume = {461},
	number = {1},
	journal = {ApJ},
	author = {Baraffe, Isabelle and Chabrier, Gilles},
	month = apr,
	year = {1996}
}

@article{habets_empirical_1981,
	title = {Empirical bolometric corrections for the main-sequence},
	volume = {46},
	journal = {A \& A Supplement Series},
	author = {Habets, G. M. H. J. and Heintze, J. R. W.},
	month = nov,
	year = {1981},
	pages = {193--237}
}

@article{millholland_detection_2016,
	title = {On the {Detection} of {Non}-{Transiting} {Hot} {Jupiters} in {Multiple}-{Planet} {Systems}},
	volume = {823},
	number = {1},
	journal = {ApJ},
	author = {Millholland, Sarah and Wang, Songhu and Laughlin, Gregory},
	month = may,
	year = {2016},
	pages = {L7}
}

@article{meibom_same_2013,
	title = {The same frequency of planets inside and outside open clusters of stars},
	volume = {499},
	number = {7456},
	journal = {Nature},
	author = {Meibom, S. and others},
	month = jun,
	year = {2013},
	pages = {55--58}
}

@article{martin_nontransiting_2014,
	title = {Planets transiting non-eclipsing binaries},
	volume = {570},
	journal = {A \& A},
	author = {Martin, David V. and Triaud, Amaury H. M. J.},
	month = oct,
	year = {2014},
	pages = {A91}
}

@article{kirk_keplerEB_2016,
	title = {Kepler {Eclipsing} {Binary} {Stars}. {VII}. {The} {Catalog} of {Eclipsing} {Binaries} {Found} in the {Entire} {Kepler} {Data} {Set}},
	volume = {151},
	journal = {AJ},
	author = {Kirk, Brian and others},
	month = mar,
	year = {2016}
}

@article{kostov_kep1647b_2015,
	title = {Kepler-1647b: the largest and longest-period {Kepler} transiting circumbinary planet},
	journal = {arXiv:1512.00189 [astro-ph]},
	author = {Kostov, Veselin B. and others},
	month = dec,
	year = {2015}
}

@article{nielsen_rotation_2013,
	title = {Rotation periods of 12 000 main-sequence {Kepler} stars: {Dependence} on stellar spectral type and comparison with v sin i observations},
	volume = {557},
	journal = {A \& A},
	author = {Nielsen, M. B. and others},
	month = sep,
	year = {2013},
	pages = {L10}
}

@article{chaplin_asteroseismology_2013,
	title = {Asteroseismology of {Solar}-{Type} and {Red}-{Giant} {Stars}},
	volume = {51},
	number = {1},
	journal = {Annual Review of Astronomy and Astrophysics},
	author = {Chaplin, William J. and Miglio, Andrea},
	year = {2013},
	pages = {353--392}
}


@article{carter_analytic_2008,
	title = {Analytic approximations for transit light-curve observables, uncertainties, and covariances},
	volume = {689},
	number = {1},
	journal = {ApJ},
	author = {Carter, Joshua A. and others},
	year = {2008},
	pages = {499}
}


@article{aerts_ensemble_2013,
	title = {Ensemble {Asteroseismology} of the {Young} {Open} {Cluster} {NGC} 2244},
	journal = {arXiv preprint arXiv:1309.3042},
	author = {Aerts, Conny and others},
	year = {2013}
}


@incollection{perryman_gaia_2002,
	title = {{GAIA}: {An} {Astrometric} and {Photometric} {Survey} of our 
	{Galaxy}},
	publisher = {Springer Netherlands},
	author = {Perryman, M. a. C., andothers},
	year = {2002},
	pages = {1--10}
}


@article{huber_asteroseismology_2015,
	title = {Asteroseismology of {Exoplanet} {Host} {Stars}},
	journal = {arXiv:1511.07441 [astro-ph]},
	author = {Huber, Daniel},
	month = nov,
	year = {2015},
	keywords = {Astrophysics - Earth and Planetary Astrophysics, Astrophysics - Solar and Stellar Astrophysics}
}


@article{aguirre_verifying_2012,
	title = {Verifying {Asteroseismically} {Determined} {Parameters} of {Kepler} {Stars} {Using} {Hipparcos} {Parallaxes}: {Self}-consistent {Stellar} {Properties} and {Distances}},
	volume = {757},
	number = {1},
	journal = {ApJ},
	author = {Aguirre, V. Silva and others},
	year = {2012},
	pages = {99}
}


@article{vanderburg_disintegrating_2015,
	title = {A disintegrating minor planet transiting a white dwarf},
	volume = {526},
	number = {7574},
	journal = {Nature},
	author = {Vanderburg, Andrew and Johnson, John Asher and Rappaport, Saul and Bieryla, Allyson and Irwin, Jonathan and Lewis, John Arban and Kipping, David and Brown, Warren R. and Dufour, Patrick and Ciardi, David R. and Angus, Ruth and Schaefer, Laura and Latham, David W. and Charbonneau, David and Beichman, Charles and Eastman, Jason and McCrady, Nate and Wittenmyer, Robert A. and Wright, Jason T.},
	month = oct,
	year = {2015},
	pages = {546--549}
}


@article{veras_postMS_2016,
	title = {Post-main-sequence planetary system evolution},
	journal = {arXiv preprint arXiv:1601.05419},
	author = {Veras, Dimitri},
	year = {2016}
}


@article{szabo_k2SEPWP_2013,
	title = {The {Kepler}-{SEP} {Mission}: {Harvesting} the {South} {Ecliptic} {Pole} large-amplitude variables with {Kepler}},
	journal = {arXiv preprint arXiv:1309.0741},
	author = {Szabo, R. and Molnar, L. and Kolaczkowski, Z. and Moskalik, P. and Ivezic, Z and Udalski, A. and Szabados, L. and Kuehn, C. and Smolec, R. and Pigulski, A. and {others}},
	year = {2013}
}

@article{edelson_agn_2013,
	title = {{AGN} variability studies with the repurposed {Kepler} mission},
	author = {Edelson, R. and Mushotzky, R. and Malkan, M. and Vaughan, S. and Horne, K.},
	year = {2013}
}


@article{gangestad_high_2013,
	title = {A high {Earth}, lunar resonant orbit for lower cost space science missions},
	journal = {arXiv preprint arXiv:1306.5333},
	author = {Gangestad, Joseph W. and Henning, Gregory A. and Persinger, Randy R. and Ricker, George R.},
	year = {2013}
}


@article{morton_vespa_2016,
	title = {{VESPA}: {Bug} fixes, updated unit tests},
	author = {{Timothy Morton} and {Dan Foreman-Mackey}},
	year = {2016}
}

@inproceedings{jenkins_SPOC_2016,
	title = {The {TESS} science processing operations center},
	volume = {9913},
	author = {Jenkins, Jon M. and Twicken, Joseph D. and McCauliff, Sean and Campbell, Jennifer and Sanderfer, Dwight and Lung, David and Mansouri-Samani, Masoud and Girouard, Forrest and Tenenbaum, Peter and Klaus, Todd and Smith, Jeffrey C. and Caldwell, Douglas A. and Chacon, A. D. and Henze, Christopher and Heiges, Cory and Latham, David W. and Morgan, Edward and Swade, Daryl and Rinehart, Stephen and Vanderspek, Roland},
	year = {2016},
	pages = {99133E--99133E--20}
}


@article{soszynski_LMC_2009,
	title = {The {Optical} {Gravitational} {Lensing} {Experiment}. {The} {OGLE}-{III} {Catalog} of {Variable} {Stars}. {III}. {RR} {Lyrae} {Stars} in the {Large} {Magellanic} {Cloud}},
	journal = {arXiv:0903.2482 [astro-ph]},
	author = {Soszynski, I. and Udalski, A. and Szymanski, M. K. and Kubiak, M. and Pietrzynski, G. and Wyrzykowski, L. and Szewczyk, O. and Ulaczyk, K. and Poleski, R.},
	month = mar,
	year = {2009},
	keywords = {Astrophysics - Solar and Stellar Astrophysics}
}

@article{soszynski_SMC_2010,
	title = {The {Optical} {Gravitational} {Lensing} {Experiment}. {The} {OGLE}-{III} {Catalog} of {Variable} {Stars}. {IX}. {RR} {Lyrae} {Stars} in the {Small} {Magellanic} {Cloud}},
	journal = {arXiv:1009.0528 [astro-ph]},
	author = {Soszynski, I. and Udalski, A. and Szymanski, M. K. and Kubiak, M. and Pietrzynski, G. and Wyrzykowski, L. and Ulaczyk, K. and Poleski, R.},
	month = sep,
	year = {2010},
	keywords = {Astrophysics - Solar and Stellar Astrophysics}
}


@article{soszynski_bulge_2011,
	title = {The {Optical} {Gravitational} {Lensing} {Experiment}. {The} {OGLE}-{III} {Catalog} of {Variable} {Stars}. {XI}. {RR} {Lyrae} {Stars} in the {Galactic} {Bulge}},
	journal = {arXiv:1105.6126 [astro-ph]},
	author = {Soszynski, I. and Dziembowski, W. A. and Udalski, A. and Poleski, R. and Szymanski, M. K. and Kubiak, M. and Pietrzynski, G. and Wyrzykowski, L. and Ulaczyk, K. and Kozlowski, S. and Pietrukowicz, P.},
	month = may,
	year = {2011},
	keywords = {Astrophysics - Solar and Stellar Astrophysics},
}

@techreport{science_definition_team_report_big_2016,
	title = {Big {Data} at {STScI}: {Enhancing} {STScI}'s {Astronomical} {Data} {Science} {Capabilities} over the {Next} {Five} {Years}},
	author = {{STScI Science Definition Team}},
	month = mar,
	year = {2016}
}


@article{cao_swift_Ia_2015,
	title = {A strong ultraviolet pulse from a newborn type {Ia} supernova},
	volume = {521},
	number = {7552},
	journal = {Nature},
	author = {Cao, Yi and Kulkarni, S. R. and Howell, D. Andrew and Gal-Yam, Avishay and Kasliwal, Mansi M. and Valenti, Stefano and Johansson, J. and Amanullah, R. and Goobar, A. and Sollerman, J. and Taddia, F. and Horesh, Assaf and Sagiv, Ilan and Cenko, S. Bradley and Nugent, Peter E. and Arcavi, Iair and Surace, Jason and Woźniak, P. R. and Moody, Daniela I. and Rebbapragada, Umaa D. and Bue, Brian D. and Gehrels, Neil},
	month = may,
	year = {2015},
	keywords = {Stars},
	pages = {328--331}
}


@article{olling_kepler_Ia_2015,
	title = {No signature of ejecta interaction with a stellar companion in three type {Ia} supernovae},
	volume = {521},
	number = {7552},
	journal = {Nature},
	author = {Olling, Rob P. and Mushotzky, Richard and Shaya, Edward J. and Rest, Armin and Garnavich, Peter M. and Tucker, Brad E. and Kasen, Daniel and Margheim, Steve and Filippenko, Alexei V.},
	month = may,
	year = {2015},
	keywords = {Cosmology},
	pages = {332--335}
}


@article{kiss_nereid_2016,
	title = {Nereid from space: rotation, size and shape analysis from {K}2, {Herschel} and {Spitzer} observations},
	volume = {457},
	number = {3},
	journal = {MNRAS},
	author = {Kiss, C. and Pál, A. and Farkas-Takács, A. I. and Szabó, G. M. and Szabó, R. and Kiss, L. L. and Molnár, L. and Sárneczky, K. and Müller, T. G. and Mommert, M. and Stansberry, J.},
	month = apr,
	year = {2016},
	keywords = {Astrometry, methods: observational, planets and satellites: individual: Neptune II Nereid, techniques: photometric},
	pages = {2908--2917}
}


@article{szabo_mainbelt_2015,
	title = {Main-{Belt} {Asteroids} in the {K}2 {Engineering} {Field} of {View}},
	volume = {149},
	number = {3},
	journal = {AJ},
	author = {Szabó, R. and Sárneczky, K. and Szabó, Gy M. and Pál, A. and Kiss, Cs P. and Csák, B. and Illés, L. and Rácz, G. and Kiss, L. L.},
	month = feb,
	year = {2015},
	keywords = {Astrophysics - Earth and Planetary Astrophysics, Astrophysics - Solar and Stellar Astrophysics},
	pages = {112}
}



@article{pal_TNO_2015,
	title = {Pushing the limits: {K}2 observations of the trans-{Neptunian} objects 2002 {GV}31 and (278361) 2007 {JJ}43},
	volume = {804},
	number = {2},
	journal = {ApJ},
	author = {Pál, A. and Szabó, R. and Szabó, Gy M. and Kiss, L. L. and Molnár, L. and Sárneczky, K. and Kiss, Cs},
	month = may,
	year = {2015},
	keywords = {Astrophysics - Earth and Planetary Astrophysics},
	pages = {L45}
}


@techreport{sullivan_KOIs_2013,
	title = {{TESS}'s {Performance} on the {Kepler} {Objects} of {Interest}},
	number = {No. 8},
	institution = {MIT},
	author = {Sullivan, Peter},
	month = oct,
	year = {2013}
}


@article{deming_jwst_tess_2009,
	title = {Discovery and {Characterization} of {Transiting} {Super} {Earths} {Using} an {All}-{Sky} {Transit} {Survey} and {Follow}-up by the {James} {Webb} {Space} {Telescope}},
	volume = {121},
	number = {883},
	journal = {PASP},
	author = {Deming, D. and others},
	year = {2009},
	pages = {952}
}


@article{burke_Q1Q8_2014,
	title = {Planetary {Candidates} {Observed} by {Kepler} {IV}: {Planet} {Sample} from {Q}1-{Q}8 (22 {Months})},
	volume = {210},
	number = {2},
	journal = {ApJ Supplement Series},
	author = {Burke, Christopher J. and others},
	year = {2014},
	pages = {19}
}


@article{pollacco_wasp_2006,
	title = {The {WASP} {Project} and the {SuperWASP} {Cameras}},
	volume = {118},
	number = {848},
	journal = {PASP},
	author = {Pollacco, D. L. and others},
	year = {2006},
	pages = {1407}
}


@article{bakos_HAT_2004,
	title = {Wide-{Field} {Millimagnitude} {Photometry} with the {HAT}: {A} {Tool} for {Extrasolar} {Planet} {Detection}},
	volume = {116},
	number = {817},
	journal = {PASP},
	author = {Bakos, G. and Noyes, R. W. and Kovács, G. and Stanek, K. Z. and Sasselov, D. D. and Domsa, I.},
	year = {2004},
	pages = {266}
}


@article{pepper_KELT_2007,
	title = {The {Kilodegree} {Extremely} {Little} {Telescope} ({KELT}): {A} {Small} {Robotic} {Telescope} for {Large}-{Area} {Synoptic} {Surveys}},
	volume = {119},
	number = {858},
	journal = {PASP},
	author = {Pepper, Joshua and Pogge, Richard W. and DePoy, D. L. and Marshall, J. L. and Stanek, K. Z. and Stutz, Amelia M. and {Shawn Poindexter} and Siverd, Robert and O’Brien, Thomas P. and Trueblood, Mark and Trueblood, Patricia},
	year = {2007},
	pages = {923}
}


@inproceedings{irwin_mearth_2008,
	series = {Proceedings of the {International} {Astronomical} {Union}},
	title = {The {MEarth} project: searching for transiting habitable super-{Earths} around nearby {M} dwarfs},
	volume = {4},
	booktitle = {Transiting {Planets}},
	author = {Irwin, Jonathan and Charbonneau, David and Nutzman, Philip and Falco, Emilio},
	month = may,
	year = {2008},
	pages = {37--43}
}


@article{alsubai_qatar_2014,
	title = {The {Qatar} {Exoplanet} {Survey}},
	journal = {arXiv:1401.1984 [astro-ph]},
	author = {Alsubai, K. A. and Parley, N. R. and Bramich, D. M. and Horne, K. and Cameron, A. Collier and West, R. G. and Sorensen, P. M. and Pollacco, D. and Smith, J. C. and Fors, O.},
	month = jan,
	year = {2014},
	keywords = {Astrophysics - Earth and Planetary Astrophysics, Astrophysics - Instrumentation and Methods for Astrophysics}
}


@article{mccullough_xo_2005,
	title = {The {XO} {Project}: {Searching} for {Transiting} {Extrasolar} {Planet} {Candidates}},
	volume = {117},
	number = {834},
	journal = {PASP},
	author = {McCullough, P. R. and Stys, J. E. and Valenti, J. A. and Fleming, S. W. and Janes, K. A. and Heasley, J. N.},
	year = {2005},
	pages = {783}
}


@article{alonso_tres1_2004,
	title = {{TrES}-1: {The} {Transiting} {Planet} of a {Bright} {K}0 {V} {Star}},
	volume = {613},
	number = {2},
	journal = {ApJ Letters},
	author = {Alonso, Roi and Brown, Timothy M. and Torres, Guillermo and Latham, David W. and Sozzetti, Alessandro and {Georgi Mandushev} and Belmonte, Juan A. and Charbonneau, David and Deeg, Hans J. and Dunham, Edward W. and O’Donovan, Francis T. and Stefanik, Robert P.},
	year = {2004},
	pages = {L153}
}


@article{udalski_ogle0_2003,
	title = {The {Optical} {Gravitational} {Lensing} {Experiment}. {Planetary} and {Low}-{Luminosity} {Object} {Transits} in the {Carina} {Fields} of the {Galactic} {Disk}},
	journal = {arXiv:astro-ph/0301210},
	author = {Udalski, A. and Szewczyk, O. and Zebrun, K. and Pietrzynski, G. and Szymanski, M. and Kubiak, M. and Soszynski, I. and Wyrzykowski, L.},
	month = jan,
	year = {2003},
	keywords = {Astrophysics},
	file = {arXiv\:astro-ph/0301210 PDF:/home/lgbouma/.zotero/zotero/d5b3lu5o.default/zotero/storage/NPU9RJ55/Udalski et al. - 2003 - The Optical Gravitational Lensing Experiment. Plan.pdf:application/pdf;arXiv.org Snapshot:/home/lgbouma/.zotero/zotero/d5b3lu5o.default/zotero/storage/INCAEZHN/0301210.html:text/html}
}


@article{udalski_ogle1_2003,
	title = {The {Optical} {Gravitational} {Lensing} {Experiment}. {Additional} {Planetary} and {Low}-{Luminosity} {Object} {Transits} from the {OGLE} 2001 and 2002 {Observational} {Campaigns}},
	journal = {arXiv:astro-ph/0306444},
	author = {Udalski, A. and Pietrzynski, G. and Szymanski, M. and Kubiak, M. and Zebrun, K. and Soszynski, I. and Szewczyk, O. and Wyrzykowski, L.},
	month = jun,
	year = {2003},
	keywords = {Astrophysics},
	file = {arXiv\:astro-ph/0306444 PDF:/home/lgbouma/.zotero/zotero/d5b3lu5o.default/zotero/storage/B75CZDGS/Udalski et al. - 2003 - The Optical Gravitational Lensing Experiment. Addi.pdf:application/pdf;arXiv.org Snapshot:/home/lgbouma/.zotero/zotero/d5b3lu5o.default/zotero/storage/JHFVNS89/0306444.html:text/html}
}


@article{jehin_trappist_2011,
	title = {{TRAPPIST}: {TRAnsiting} {Planets} and {PlanetesImals} {Small} {Telescope}},
	volume = {145},
	journal = {The Messenger},
	author = {Jehin, E. and Gillon, M. and Queloz, D. and Magain, P. and Manfroid, J. and Chantry, V. and Lendl, M. and Hutsemékers, D. and Udry, S.},
	month = sep,
	year = {2011},
	pages = {2--6}
}


@article{charbonneau_detection_2000,
	title = {Detection of {Planetary} {Transits} {Across} a {Sun}-like {Star}},
	volume = {529},
	number = {1},
	journal = {ApJ},
	author = {Charbonneau, David and Brown, Timothy M. and Latham, David W. and Mayor, Michel},
	month = jan,
	year = {2000},
	pages = {L45--L48},
}


@article{sozzetti_apache_2013,
	title = {The {APACHE} {Project}},
	volume = {47},
	journal = {EPJ Web of Conferences},
	author = {Sozzetti, A. and Bernagozzi, A. and Bertolini, E. and Calcidese, P. and Carbognani, A. and Cenadelli, D. and Christille, J.-M. and Damasso, M. and Giacobbe, P. and Lanteri, L. and Lattanzi, M.G. and Smart, R.},
	editor = {Saglia, Roberto},
	year = {2013},
	pages = {03006}
}


@article{gillon_speculoos_2013,
	title = {{SPECULOOS}: {Search} for habitable {Planets} {EClipsing} {ULtra}-{cOOl} {Stars}},
	author = {Gillon, Michaël and Jehin, Emmanuel and Delrez, Laetitia and Magain, Pierre and Opitom, Cyrielle and Sohy, Sandrine},
	month = jul,
	year = {2013}
}


@article{wheatley_ngts_2013,
	title = {The {Next} {Generation} {Transit} {Survey} ({NGTS})},
	volume = {47},
	journal = {EPJ Web of Conferences},
	editor = {Saglia, Roberto},
	year = {2013},
	pages = {13002}
}


@article{stevenson_communityJWST_2016,
	title = {Transiting {Exoplanet} {Studies} and {Community} {Targets} for {JWST}'s {Early} {Release} {Science} {Program}},
	volume = {128},
	number = {967},
	journal = {PASP},
	author = {Stevenson, Kevin B. and others},
	month = sep,
	year = {2016},
	keywords = {Astrophysics - Earth and Planetary Astrophysics, Astrophysics - Instrumentation and Methods for Astrophysics},
	pages = {094401}
}


@article{barstow_trappist_2016,
	title = {Habitable worlds with {JWST}: transit spectroscopy of the {TRAPPIST}-1 system?},
	journal = {MNRAS: Letters},
	author = {Barstow, Joanna K. and Irwin, Patrick G. J.},
	month = may,
	year = {2016},
	keywords = {Astrophysics - Earth and Planetary Astrophysics},
	pages = {slw109}
}


@article{gillon_trappist1_2016,
	title = {Temperate {Earth}-sized planets transiting a nearby ultracool dwarf star},
	volume = {533},
	number = {7602},
	journal = {Nature},
	author = {Gillon, Michaël and Jehin, Emmanuël and Lederer, Susan M. and Delrez, Laetitia and de Wit, Julien and Burdanov, Artem and Van Grootel, Valérie and Burgasser, Adam J. and Triaud, Amaury H. M. J. and Opitom, Cyrielle and Demory, Brice-Olivier and Sahu, Devendra K. and Bardalez Gagliuffi, Daniella and Magain, Pierre and Queloz, Didier},
	month = may,
	year = {2016},
	pages = {221--224}
}


@techreport{berta_cheops_2016,
	type = {{TESS} {Internal} {Report}},
	title = {Projects for a {TESS} and {CHEOPS} {Collaboration}},
	TESS uses 10cm telescopes with wide fields-of-view to survey most
	of the sky for transiting planets. CHEOPS uses a 30cm telescope with
	a narrow field-of-view to provide precise photometry of individual
	targets. TESS will provide temporal coverage that increases from
	27.4 days at low ecliptic latitudes up to one year at the ecliptic poles.
	CHEOPS’ visibility is maximized closest to the ecliptic, and drops to
	zero at the poles. This memo outlines and quantifies how CHEOPS
	observations of TESS planet candidates can advance the science cases
	of both missions.},
	institution = {MIT},
	author = {Berta-Thompson, Zach and Ribas, Ignasi and Seager, Sara and Bouma, Luke},
	month = jun,
	year = {2016}
}


@techreport{winn_RVreqs_2014,
	type = {{TESS} {Internal} {Report}},
	title = {Requirements on telescope time for measuring planet masses},
	TESS planet, depending on the parameters of the star and planet. Then, based on the latest
	simulations of the TESS planet yield, we identify the likely properties of the ≈50 systems that
	will be chosen for precise mass measurement, and estimate the total amount of telescope time
	that will be required.},
	institution = {MIT},
	author = {Winn, Joshua},
	month = apr,
	year = {2014}
}


@article{becker_wasp47_2015,
	title = {{WASP}-47: {A} {Hot} {Jupiter} {System} with {Two} {Additional} {Planets} {Discovered} by {K}2},
	journal = {arXiv preprint arXiv:1508.02411},
	author = {Becker, Juliette C. and Vanderburg, Andrew and Adams, Fred C. and Rappaport, Saul A. and Schwengeler, Hans Martin},
	year = {2015}
}


@article{dai_doppler_2015,
	title = {Doppler {Monitoring} of the {WASP}-47 {Multiplanet} {System}},
	volume = {813},
	number = {1},
	journal = {ApJ},
	author = {Dai, Fei and Winn, Joshua N. and Arriagada, Pamela and Butler, R. Paul and Crane, Jeffrey D. and Johnson, John Asher and Shectman, Stephen A. and Teske, Johanna K. and Thompson, Ian B. and Vanderburg, Andrew and Wittenmyer, Robert A.},
	month = oct,
	year = {2015},
	keywords = {Astrophysics - Earth and Planetary Astrophysics},
	pages = {L9}
}


@article{hellier_wasp47_2012,
	title = {Seven transiting hot {Jupiters} from {WASP}-{South}, {Euler} and {TRAPPIST}: {WASP}-47b, {WASP}-55b, {WASP}-61b, {WASP}-62b, {WASP}-63b, {WASP}-66b and {WASP}-67b},
	volume = {426},
	number = {1},
	journal = {MNRAS},
	author = {Hellier, Coel and Anderson, D. R. and Cameron, A. Collier and Doyle, A. P. and Fumel, A. and Gillon, M. and Jehin, E. and Lendl, M. and Maxted, P. F. L. and Pepe, F. and Pollacco, D. and Queloz, D. and Ségransan, D. and Smalley, B. and Smith, A. M. S. and Southworth, J. and Triaud, A. H. M. J. and Udry, S. and West, R. G.},
	month = oct,
	year = {2012},
	keywords = {planetary systems},
	pages = {739--750}
}


@article{neveu-vanmalle_HJrelatives_2016,
	title = {Hot {Jupiters} with relatives: discovery of additional planets in orbit around {WASP}-41 and {WASP}-47},
	volume = {586},
	journal = {A \& A},
	author = {Neveu-VanMalle, M. and Queloz, D. and Anderson, D. R. and Brown, D. J. A. and Collier Cameron, A. and Delrez, L. and Díaz, R. F. and Gillon, M. and Hellier, C. and Jehin, E. and Lister, T. and Pepe, F. and Rojo, P. and Ségransan, D. and Triaud, A. H. M. J. and Turner, O. D. and Udry, S.},
	month = feb,
	year = {2016},
	pages = {A93}
}


@article{henry_transiting_2000,
	title = {A {Transiting} "51 {Peg}-like" {Planet}},
	volume = {529},
	number = {1},
	journal = {ApJ Letters},
	author = {Henry, Gregory W. and Marcy, Geoffrey W. and Butler, R. Paul and Vogt, Steven S.},
	year = {2000},
	pages = {L41}
}


@article{gaudi_prospects_2007,
	title = {Prospects for the {Characterization} and {Confirmation} of {Transiting} {Exoplanets} via the {Rossiter}-{McLaughlin} {Effect}},
	volume = {655},
	number = {1},
	journal = {ApJ},
	author = {Gaudi, B. Scott and Winn, Joshua N.},
	year = {2007},
	pages = {550}
}


@article{foreman_mackey_longP_2016,
	title = {The population of long-period transiting exoplanets},
	journal = {arXiv:1607.08237 [astro-ph]},
	author = {Foreman-Mackey, Daniel and Morton, Timothy D. and Hogg, David W. and Agol, Eric and Schölkopf, Bernhard},
	month = jul,
	year = {2016},
	keywords = {Astrophysics - Earth and Planetary Astrophysics, Astrophysics - Instrumentation and Methods for Astrophysics},
}


@article{osborn_single_2016,
	title = {Single transit candidates from {K}2: detection and period estimation},
	volume = {457},
	number = {3},
	journal = {MNRAS},
	author = {Osborn, H. P. and Armstrong, D. J. and Brown, D. J. A. and McCormac, J. and Doyle, A. P. and Louden, T. M. and Kirk, J. and Spake, J. J. and Lam, K. W. F. and Walker, S. R. and Faedi, F. and Pollacco, D. L.},
	month = apr,
	year = {2016},
	pages = {2273--2286},
	Wang+ 2015 for 17 long period single transit objects from Kepler.
	Their tool ("namaste") as a single-transit analysis tool for the {\textasciitilde}100 TESS single-transit objects.
	Big sample of long P jupiters may reveal the effect of outer giant planet companions on close-in terrestrial exoplanets, which could have a significant effect on eta-earth.
	}
}


@article{uehara_transiting_2016,
	title = {Transiting {Planet} {Candidates} {Beyond} the {Snow} {Line} {Detected} by {Visual} {Inspection} of 7557 {Kepler} {Objects} of {Interest}},
	journal = {arXiv preprint arXiv:1602.07848},
	author = {Uehara, Sho and Kawahara, Hajime and Masuda, Kento and Yamada, Shin'ya and Aizawa, Masataka},
	year = {2016},
	file = {ueharaMasuda-longPeriodSingleTransitersInKepler.pdf:/home/luke/Dropbox/Documents/papers/ueharaMasuda-longPeriodSingleTransitersInKepler.pdf:application/pdf}
}


@article{wang_longP_2015,
	title = {Planet {Hunters}. {VIII}. {Characterization} of 41 {Long}-{Period} {Exoplanet} {Candidates} from {Kepler} {Archival} {Data}},
	volume = {815},
	number = {2},
	journal = {ApJ},
	author = {Wang, Ji and Fischer, Debra A. and Barclay, Thomas and Picard, Alyssa and Ma, Bo and Bowler, Brendan P. and Schmitt, Joseph R. and Boyajian, Tabetha S. and Jek, Kian J. and LaCourse, Daryll and Baranec, Christoph and Riddle, Reed and Law, Nicholas M. and Lintott, Chris and Schawinski, Kevin and Simister, Dean Joseph and Gregoire, Boscher and Babin, Sean P. and Poile, Trevor and Jacobs, Thomas Lee and Jebson, Tony and Omohundro, Mark R. and Schwengeler, Hans Martin and Sejpka, Johann and Terentev, Ivan A. and Gagliano, Robert and Paakkonen, Jari-Pekka and Berge, Hans Kristian Otnes and Winarski, Troy and Green, Gerald R. and Schmitt, Allan R. and Kristiansen, Martti H. and Hoekstra, Abe},
	month = dec,
	year = {2015},
	keywords = {Astrophysics - Earth and Planetary Astrophysics},
	pages = {127}
}


@article{vanderburg_234_2016,
	title = {Planetary {Candidates} from the {First} {Year} of the {K}2 {Mission}},
	volume = {222},
	observations (Campaigns 0, 1, 2, and 3) and searched for periodic eclipse signals consistent with planetary transits. Out of the 59,174 targets that we searched, we detect 234 planetary candidates around 208 stars. These candidates range in size from gas giants to smaller than the Earth, and range in orbital periods from hours to over a month. We conducted initial reconnaissance spectroscopy of 68 of the brighter candidate host stars, and present high-resolution optical spectra for these stars. We make all of our data products, including light curves, spectra, and vetting diagnostics available to users online.},
	journal = {ApJ Supplement Series},
	author = {Vanderburg, Andrew and Latham, David W. and Buchhave, Lars A. and Bieryla, Allyson and Berlind, Perry and Calkins, Michael L. and Esquerdo, Gilbert A. and Welsh, Sophie and Johnson, John Asher},
	month = jan,
	year = {2016},
	keywords = {methods: data analysis, planets and satellites: detection, techniques: photometric},
	pages = {14}
}


@article{crossfield_197_2016,
	title = {197 {Candidates} and 104 {Validated} {Planets} in {K}2's {First} {Five} {Fields}},
	journal = {arXiv:1607.05263 [astro-ph]},
	author = {Crossfield, Ian J. M. and Ciardi, David R. and Petigura, Erik A. and Sinukoff, Evan and Schlieder, Joshua E. and Howard, Andrew W. and Beichman, Charles A. and Isaacson, Howard and Dressing, Courtney D. and Christiansen, Jessie L. and Fulton, Benjamin J. and Lépine, Sébastien and Weiss, Lauren and Hirsch, Lea and Livingston, John and Baranec, Christoph and Law, Nicholas M. and Riddle, Reed and Ziegler, Carl and Howell, Steve B. and Horch, Elliott and Everett, Mark and Teske, Johanna and Martinez, Arturo O. and Obermeier, Christian and Benneke, Björn and Scott, Nic and Deacon, Niall and Aller, Kimberly M. and Hansen, Brad M. S. and Mancini, Luigi and Ciceri, Simona and Brahm, Rafael and Jordán, Andrés and Knutson, Heather A. and Henning, Thomas and Bonnefoy, Michaël and Liu, Michael C. and Crepp, Justin R. and Lothringer, Joshua and Hinz, Phil and Bailey, Vanessa and Skemer, Andrew and Defrere, Denis},
	month = jul,
	year = {2016},
	keywords = {Astrophysics - Earth and Planetary Astrophysics}
}


@article{howell_k2_2014,
	title = {The {K}2 {Mission}: {Characterization} and {Early} {Results}},
	volume = {126},
	number = {938},
	journal = {PASP},
	author = {Howell, Steve B. and Sobeck, Charlie and Haas, Michael and Still, Martin and Barclay, Thomas and Mullally, Fergal and {John Troeltzsch} and Aigrain, Suzanne and Bryson, Stephen T. and Caldwell, Doug and Chaplin, William J. and Cochran, William D. and Huber, Daniel and Marcy, Geoffrey W. and Miglio, Andrea and Najita, Joan R. and Smith, Marcie and Twicken, J. D. and Fortney, Jonathan J.},
	year = {2014},
	pages = {398}
}


@article{foreman-mackey_k2_2015,
	title = {A systematic search for transiting planets in the {K}2 data},
	journal = {arXiv:1502.04715 [astro-ph]},
	author = {Foreman-Mackey, Daniel and Montet, Benjamin T. and Hogg, David W. and Morton, Timothy D. and Wang, Dun and Schölkopf, Bernhard},
	month = feb,
	year = {2015},
	keywords = {Astrophysics - Earth and Planetary Astrophysics, Astrophysics - Instrumentation and Methods for Astrophysics},
}


@article{huber_epic_2016,
	title = {{THE} \textit{{K}2} {ECLIPTIC} {PLANE} {INPUT} {CATALOG} ({EPIC}) {AND} {STELLAR} {CLASSIFICATIONS} {OF} 138,600 {TARGETS} {IN} {CAMPAIGNS} 1–8},
	volume = {224},
	number = {1},
	journal = {ApJ Supplement Series},
	author = {Huber, Daniel and Bryson, Stephen T. and Haas, Michael R. and Barclay, Thomas and Barentsen, Geert and Howell, Steve B. and Sharma, Sanjib and Stello, Dennis and Thompson, Susan E.},
	month = may,
	year = {2016},
	pages = {2}
}


@article{auvergne_corot_2009,
	title = {The {CoRoT} satellite in flight: description and performance},
	volume = {506},
	journal = {A \& A},
	author = {Auvergne, M. and others},
	month = oct,
	year = {2009},
	keywords = {Instrumentation: photometers, stars: oscillations, STARS: PLANETARY SYSTEMS},
	pages = {411--424}
}


@article{deleuil_exo-dat_2009,
	title = {\textit{{EXO}-{DAT}} : {AN} {INFORMATION} {SYSTEM} {IN} {SUPPORT} {OF} {THE} \textit{{CoRoT}} /{EXOPLANET} {SCIENCE}},
	volume = {138},
	number = {2},
	journal = {AJ},
	author = {Deleuil, M. and Meunier, J. C. and Moutou, C. and Surace, C. and Deeg, H. J. and Barbieri, M. and Debosscher, J. and Almenara, J. M. and Agneray, F. and Granet, Y. and Guterman, P. and Hodgkin, S.},
	month = aug,
	year = {2009},
	pages = {649--663}
}


@article{walker_most_2003,
	title = {The \textit{{MOST}} {Asteroseismology} {Mission}: {Ultraprecise} {Photometry} from {Space}},
	volume = {115},
	number = {811},
	journal = {PASP},
	month = sep,
	year = {2003},
	pages = {1023--1035}
}


@techreport{donahue_senior_2016,
	title = {2016 {NASA} {Astrophysics} {Senior} {Review}},
	institution = {NASA},
	author = {Donahue, Megan and others},
	month = feb,
	year = {2016}
}

@article{robin2003synthetic,
	title={A synthetic view on structure and evolution of the Milky Way},
	author={Robin, Annie C and Reyl{\'e}, C and Derri{\`e}re, S and Picaud, S},
	journal={A \& A},
	volume={409},
	number={2},
	pages={523--540},
	year={2003},
	publisher={EDP Sciences}
}


@article{sharma_galaxia_2011,
	title = {Galaxia: a code to generate a synthetic survey of the {Milky} {Way}},
	volume = {730},
	number = {1},
	journal = {ApJ},
	author = {Sharma, Sanjib and Bland-Hawthorn, Joss and Johnston, Kathryn V. and Binney, James},
	month = mar,
	year = {2011},
	keywords = {Astrophysics - Astrophysics of Galaxies},
	pages = {3}
}

@misc{jones_scipy_2001,
	title={Open {source} {scientific} {tools} for {Python}},
	author={Jones, Eric and Oliphant, Travis and Peterson, P and others},
	year={2001},
	publisher={Scipy}
}


@article{hunter_matplotlib_2007,
	title = {Matplotlib: {A} 2D {Graphics} {Environment}},
	volume = {9},
	number = {3},
	journal = {Computing in Science \& Engineering},
	author = {Hunter, John D.},
	year = {2007},
	pages = {90--95}
}


@article{walt_numpy_2011,
	title = {The {NumPy} {Array}: {A} {Structure} for {Efficient} {Numerical} {Computation}},
	volume = {13},
	number = {2},
	journal = {Computing in Science \& Engineering},
	author = {Walt, St\'efan van der and Colbert, S. Chris and Varoquaux, Gaël},
	month = mar,
	year = {2011},
	pages = {22--30}
}


@article{acton_SPICE_1996,
	title = {Planetary data system: {Ancillary} data services of {NASA}'s {Navigation} and {Ancillary} {Information} {Facility}},
	volume = {44},
	number = {1},
	journal = {Planetary and Space Science},
	author = {Acton, Charles H.},
	month = jan,
	year = {1996},
	pages = {65--70}
}


@inproceedings{landsman_idl_1995,
	title = {The {IDL} {Astronomy} {User}'s {Library}},
	volume = {77},
	author = {Landsman, W. B.},
	year = {1995},
	pages = {437}
}


@book{lyons_practical_1991,
	title = {A {Practical} {Guide} to {Data} {Analysis} for {Physical} {Science} {Students}},
	isbn = {978-0-521-42463-9},
	publisher = {Cambridge University Press},
	author = {Lyons, Louis},
	month = nov,
	year = {1991},
}


@article{price_transit_2014,
	title = {Transit {Light} {Curves} with {Finite} {Integration} {Time}: {Fisher} {Information} {Analysis}},
	volume = {794},
	number = {1},
	journal = {ApJ},
	author = {Price, Ellen M. and Rogers, Leslie A.},
	month = sep,
	year = {2014},
	keywords = {Astrophysics - Earth and Planetary Astrophysics},
	pages = {92}
}


@article{fischer_planet-metallicity_2005,
	title = {The {Planet}-{Metallicity} {Correlation}},
	volume = {622},
	journal = {ApJ},
	author = {Fischer, Debra A. and Valenti, Jeff},
	month = apr,
	year = {2005},
	keywords = {Stars: Abundances, stars: fundamental parameters, STARS: PLANETARY SYSTEMS},
	pages = {1102--1117}
}


@article{johnson_giant_2010,
	title = {Giant {Planet} {Occurrence} in the {Stellar} {Mass}-{Metallicity} {Plane}},
	volume = {122},
	number = {894},
	journal = {PASP},
	author = {Johnson, John Asher and others},
	year = {2010},
	pages = {905}
}


@article{wang_revealing_2015,
	title = {Revealing a {Universal} {Planet}–{Metallicity} {Correlation} for {Planets} of {Different} {Sizes} {Around} {Solar}-type {Stars}},
	volume = {149},
	number = {1},
	journal = {AJ},
	author = {Wang, Ji and Fischer, Debra A.},
	year = {2015},
	pages = {14}
}

@article{mckinneypandas,
	title={\texttt{pandas}: a Foundational Python Library for Data Analysis and 
	Statistics},
	author={McKinney, Wes}
}